%% This BibTeX bibliography file was created using BibDesk.
%% http://bibdesk.sourceforge.net/


%% Created for Selina Hofstetter at 2017-05-31 01:30:28 +0100 


%% Saved with string encoding Unicode (UTF-8) 



@article{GK2014,
	Author = {Matthew Gentzkow and Emir Kamenica},
	Date-Added = {2017-05-31 00:28:16 +0000},
	Date-Modified = {2017-05-31 00:30:13 +0000},
	Journal = {American Economic Review},
	Number = {5},
	Pages = {457--462},
	Title = {Costly Persuasion},
	Volume = {104},
	Year = {2014}}

@article{JT2013,
	Author = {Daniel Jubinski and Marc Tomljanovich},
	Date-Added = {2017-05-31 00:23:28 +0000},
	Date-Modified = {2017-05-31 00:30:21 +0000},
	Journal = {Review of Financial Economics},
	Number = {3},
	Pages = {86--97},
	Title = {Do FOMC minutes matter to markets? An intraday analysis of FOMC minutes releases on individual equity volatility and returns},
	Volume = {22},
	Year = {2013}}

@webpage{Info2017,
	Author = {Infoplease.com (Accessed on: 30.5.2017)},
	Date-Added = {2017-05-30 23:09:14 +0000},
	Date-Modified = {2017-05-30 23:23:04 +0000},
	Lastchecked = {30.5.2017},
	Title = {Composition of Congress, by Political Party, 1855-2017},
	Url = {https://www.infoplease.com/history-and-government/us-government/composition-congress-political-party-1855-2017}}

@webpage{Filibuster2017,
	Author = {Filibustercartoons.com (Accessed on: 30.5.2017)},
	Date-Added = {2017-05-30 23:08:12 +0000},
	Date-Modified = {2017-05-30 23:25:24 +0000},
	Lastchecked = {30.5.2017},
	Title = {Chart of presidents of the United States},
	Url = {http://jjmccullough.com/prezidents.htm}}

@webpage{Uspol2017,
	Author = {Uspolitics.about.com (Accessed on: 30.5.2017)},
	Date-Added = {2017-05-30 23:06:53 +0000},
	Date-Modified = {2017-05-30 23:24:47 +0000},
	Lastchecked = {30.5.2017},
	Title = {The Political Makeup of Congress},
	Url = {https://www.thoughtco.com/the-political-makeup-of-congress-3368266}}

@webpage{Wiki2017,
	Author = {Wikipedia (Accessed on: 30.5.2017)},
	Date-Added = {2017-05-30 23:05:28 +0000},
	Date-Modified = {2017-05-30 23:21:44 +0000},
	Lastchecked = {30.5.2017},
	Title = {Presidents of the United States and control of Congress},
	Url = {https://en.wikipedia.org/wiki/Presidents_of_the_United_States_and_control_of_Congress}}

@article{DT2005,
	Author = {Mathias Dewatripont and Jean Tirole},
	Date-Added = {2017-05-30 22:53:29 +0000},
	Date-Modified = {2017-05-31 00:30:28 +0000},
	Journal = {Journal of Political Economy},
	Month = {December},
	Number = {6},
	Pages = {1217--1238},
	Title = {Modes of Communication},
	Volume = {113},
	Year = {2005}}

@unpublished{GL2017,
	Author = {Guilio Lisi},
	Date-Added = {2017-05-30 20:45:05 +0000},
	Date-Modified = {2017-05-30 22:47:05 +0000},
	Howpublished = {Unplublished},
	Note = {Work in Progress},
	Title = {Political Determinants of FOMC Transparency},
	Year = {2017}}

@article{CS1982,
	Author = {Vincent P. Crawford and Joel Sobel},
	Date-Added = {2017-05-30 20:40:15 +0000},
	Date-Modified = {2017-05-30 22:51:48 +0000},
	Journal = {Econometrica},
	Month = {November},
	Number = {6},
	Pages = {1431-1451},
	Title = {Strategic Information Transmission},
	Volume = {50},
	Year = {1982}}

@article{KG2011,
	Author = {Emir Kamenica and Matthew Gentzkow},
	Date-Added = {2017-05-30 20:29:08 +0000},
	Date-Modified = {2017-05-30 20:35:10 +0000},
	Journal = {American Economic Review},
	Pages = {2590--2615},
	Title = {Bayesian Persuasion},
	Volume = {101},
	Year = {2011}}
